@manual{Neuland::TDR,
    title = "Technical Report for the Design, Construction and Commissioning of
             NeuLAND",
    institution = "GSI",
    year = "2011",
    month = nov,
}

@manual{Hamamatsu,
    title = "Photomultiplier Tubes: Basics and Applications",
    organization = "Hamamatsu",
    year = "2007",
    month = nov,
    edition = "3a",
    pages = {197},
}

@article{BORETZKY2021165701,
    title = {NeuLAND: The high-resolution neutron time-of-flight spectrometer
             for R3B at FAIR},
    journal = {Nucl. Instrum. Methods. Phys. Res. B},
    volume = {1014},
    pages = {165701},
    year = {2021},
    issn = {0168-9002},
    doi = {https://doi.org/10.1016/j.nima.2021.165701},
    url = {https://www.sciencedirect.com/science/article/pii/S0168900221006860},
    author = {K. Boretzky and I. Gašparić and M. Heil and J. Mayer and A. Heinz
              and C. Caesar and D. Kresan and H. Simon and H.T. Törnqvist and D.
              Körper and G. Alkhazov and L. Atar and T. Aumann and D. Bemmerer
              and S.V. Bondarev and L.T. Bott and S. Chakraborty and M.I. Cherciu
              and L.V. Chulkov and M. Ciobanu and U. Datta and E. {De Filippo}
              and C.A. Douma and J. Dreyer and Z. Elekes and J. Enders and D.
              Galaviz and E. Geraci and B. Gnoffo and K. Göbel and V.L. Golovtsov
              and D. {Gonzalez Diaz} and N. Gruzinsky and T. Heftrich and H.
              Heggen and J. Hehner and T. Hensel and E. Hoemann and M. Holl and
              A. Horvat and Á. Horváth and G. Ickert and D. {Jelavić Malenica}
              and H.T. Johansson and B. Jonson and J. Kahlbow and N.
              Kalantar-Nayestanaki and A. Kelić-Heil and M. Kempe and K. Koch and
              N.G. Kozlenko and A.G. Krivshich and N. Kurz and V. Kuznetsov and
              C. Langer and Y. Leifels and I. Lihtar and B. Löher and J. Machado
              and N.S. Martorana and K. Miki and T. Nilsson and E.M. Orischin and
              E.V. Pagano and S. Pirrone and G. Politi and P.- M. Potlog and A.
              Rahaman and R. Reifarth and C. Rigollet and M. Röder and D.M. Rossi
              and P. Russotto and D. Savran and H. Scheit and F. Schindler and D.
              Stach and E. Stan and J. {Stomvall Gill} and P. Teubig and M.
              Trimarchi and L. Uvarov and M. Volknandt and S. Volkov and A.
              Wagner and V. Wagner and S. Wranne and D. Yakorev and L. Zanetti
              and A. Zilges and K. Zuber},
    keywords = {High-energy neutron detection, Reactions with relativistic
                radioactive beams, Plastic scintillator array, Multi-neutron
                detection},
}
